@article{campion1996structural,
  title={Structural properties and classification of kinematic and dynamic models of wheeled mobile robots},
  author={Campion, Guy and Bastin, Georges and Dandrea-Novel, Brigitte},
  journal={IEEE transactions on robotics and automation},
  volume={12},
  number={1},
  pages={47--62},
  year={1996},
  publisher={IEEE}
}

@INPROCEEDINGS{1393890, 
author={J. Lofberg}, 
booktitle={2004 IEEE International Conference on Robotics and Automation (IEEE Cat. No.04CH37508)}, 
title={YALMIP : a toolbox for modeling and optimization in MATLAB}, 
year={2004}, 
volume={}, 
number={}, 
pages={284-289}, 
keywords={control engineering computing;mathematics computing;optimisation;software packages;3 YALMIP command learning;Matlab toolbox YALMIP;control theory;modeling;optimization;semidefinite programming;systems theory;Automatic control;Control systems;Control theory;Integer linear programming;Linear programming;MATLAB;Mathematical model;Quadratic programming;Riccati equations;Robust control}, 
doi={10.1109/CACSD.2004.1393890}, 
ISSN={}, 
month={Sept},}

@ARTICLE{Houska2011a,
  author = {B. Houska and H.J. Ferreau and M. Diehl},
  title = {{ACADO} {T}oolkit -- {A}n {O}pen {S}ource {F}ramework for {A}utomatic {C}ontrol and {D}ynamic {O}ptimization},
  journal = {Optimal Control Applications and Methods},
  year = {2011},
  volume = {32},
  pages = {298--312},
  number = {3}
}

